@InProceedings{ALAMODE,
  author =	 {D.~W. Yergeau and E.~C. Kan and M.~J. Gander and
                  R.~W. Dutton},
  title =	 {{ALAMODE: A layered model development environment}},
  booktitle =	 { Proceedings of Simulation of Semiconductor Devices
                  and Processes},
  pages =	 {66--69},
  year =	 {1995},
  address =	 {Wien, Austria},
}

@Book{FEv4,
  author =	 {Graham F. Carey and J.~Tinsley Oden},
  title = 	 {{Finite Elements, Mathematics}},
  publisher = 	 {Prentice Hall},
  year = 	 1986,
  volume =	 4
}
@Book{FEv6,
  author =	 {Graham F. Carey and J.~Tinsley Oden},
  title = 	 {{Finite Elements, Fluid Mechanics}},
  publisher = 	 {Prentice Hall},
  year = 	 1986,
  volume =	 6
}

@Article{Fle_Kau_Hib_93,
  author =	 {V. Fleury and J. Kaufman and B. Hibbert},
  title =	 {{Buoyancy and electrical convection driven models in
                  thin layer electrodeposition}},
  journal =	 {Phys. Review E},
  year =	 1993,
  volume =	 48,
  pages =	 3831
}

@Article{GL_50,
  AUTHOR     = {V. L. Ginzburg and L. D. Landau},
  JOURNAL    = {J. Exptl. Theoret. Phys. (USSR)},
  YEAR       = {1950},
  VOLUME     = {20},
  PAGES      = {1064}
}


@Book{GOF,
  author =	 {Erich Gamma and Richard Helm and Ralph Johnson and
                  John Vlissides},
  title =	 {{Design Patterns: Elements of Reusable
                  Object-Oriented Software}},
  publisher =	 {Addison-Wesley},
  year =	 1995
}

@Article{Mar_Moc_Swi_Hut_99,
  author =	 {G. Marshall and P. Mocskos and Harry Swinney and J. Huth},
  title =	 {Buoyancy and electrical driven convection models in
                  thin layer electrodeposition},
  journal =	 {Phys. Review E},
  year =	 1999,
  volume =	 59,
  pages =	 2157
}

@Article{NOWEB_art,
  author = 	 {N. Ramsey},
  title = 	 {{Literate Programming Simplified}},
  journal = 	 {IEEE Software},
  year = 	 {1994},
  pages = 	 {97--105}
}

@MISC{NPACI_NCSA_DTF2001,
  TITLE      = {NCSA, SDSC, Argonne, and Caltech to build world's 
               most powerful computational
               infrastructure},
  HOWPUBLISHED = {NCSA Access News Release},
  YEAR       = {2001}, 
  MONTH      = {August},
  NOTE       = {\url{http://www.ncsa.uiuc.edu/News/Access/Releases/010809.DTF.html}}
}

@BOOK{Orla_Deli_91,
  AUTHOR     = {T. P. Orlando and K. A. Delin},
  TITLE      = {{Foundations of Applied Superconductivity}},
  PUBLISHER  = {Addison-Wesley},
  YEAR       = {1991}
}

@InProceedings{PCG94b,
  author =	 {Graham F. Carey and W. Joubert },
  title =	 {{PCG: A Software Package for the Iterative Solution
                  of Linear Systems on Scalar, Vector and Parallel
                  Computers}},
  booktitle =	 {Proceedings of Supercomputing 1994},
  year =	 1994,
  month =	 {November}
}

@InProceedings{PCG96b,
  author =	 {Graham F. Carey and Robert McLay},
  title =	 {{Multi-Level Preconditioners for the Parallel PCG
                  Package, Copper Mtn. Conf. on Multigrid Methods}},
  booktitle =	 {Proceedings of the Copper Mountain Conference on
                  Multigrid Methods},
  year =	 1995,
  address =	 {Copper Mountain, CO},
  month =	 {April}
}

@Book{Pattern_Hatching,
  author =	 {John Vlissides},
  title =	 {{Pattern Hatching: Design Patterns Applied}},
  publisher =	 {Addison-Wesley},
  year =	 1998
}

@TechReport{Prophet_Report,
  author =	 {C.~S. Rafferty and R.~K. Smith},
  title =	 {{Solving Partial Differential Equations with the
                  PROPHET simulator}},
  institution =	 {Bell Laboratories, Lucent Technologies},
  year =	 {1996},
}

@Misc{Prophet_Web,
  author =	 {C.~S. Rafferty},
  title =	 {{Web guide to PROPHET}},
  howpublished = {\url{http://www-tcad.stanford.edu/conor/prophet/guide.html}},
  year =	 {1998},
}

@InProceedings{afc01,
  author = 	 {William Barth and G. Carey and S. Chow and Benjamin Kirk},
  title = 	 {{Finite Element Modeling of Generalised Newtonian Flows}},
  booktitle = 	 {Proceedings of the 14th Australasian Fluids Conference, Adelaide},
  year =	 2001,
  month =	 {December}
}


@Book{aiaa98,
  author =	 {AIAA},
  title = 	 {{AIAA Guide for the Verification and Validation of Computational Fluid Dynamics Simulations}},
  publisher = 	 {AIAA},
  year = 	 1998
}

@Article{ainsworth,
  author =	 {M. Ainsworth and J.~Z. Zhu and A.~W. Craig and
                  O.~C. Zienkiewicz},
  title =	 {{Analysis of the Zienkiewicz-Zhu Error Estimator in
                  the Finite Element Method}},
  journal =	 {IJNME},
  year =	 1989,
  volume =	 28,
  pages =	 {2161--2174}
}

@Misc{alex,
  author = 	 {M. Hill and S. Sankaran and C. Burcham and D. Saville},
  title = 	 {{ALEX: A Liquid Electrohydrodynamics eXperiment}},
  howpublished = {\url{http://microgravity.grc.nasa.gov/sie/brief.htm}},
  year = 	 {March, 1996}
}

@Article{anderson2000,
  author = 	 {P.~D. Anderson and O.~S. Galaktionov and G.~W.~M. Peters and F.~N. van de Vosse and H.~E.H. Meijer},
  title = 	 {{Mixing of non-Newtonian fluids in time periodic cavity flows}},
  journal = 	 {J.~Non-Newtonian Fluid Mechanics},
  year = 	 2000,
  volume =	 93,
  pages =	 {265-286}
}

@InProceedings{avalon,
  author = 	 {M. S. Warren and T. C. Germann and P.  S. Lomdahl and D. M. Beazley and J. K. Salmon},
  title = 	 {An Alpha/Linux Cluster Achieves 10 Gflops for \$150k},
  booktitle = 	 {In Supercomputing '98},
  year =	 1998,
  address =	 {Los Alamitos},
  organization = {IEEE Comp. Soc.}
}


@Article{babuska,
  author =	 {I. Babu\^ska and W.~C. Rheinboldt},
  title =	 {{{\it A Posteriori} Error Estimates for the Finite
                  Element Method}},
  journal =	 {IJNME},
  year =	 {1978b},
  volume =	 12,
  pages =	 {1597--1615}
}


@Article{bank,
  author =	 {R.~E. Bank and A.~H. Sherman},
  title =	 {{An Adaptive Multi-level Method for Elliptic
                  Boundary Value Problems}},
  journal =	 {Computing},
  year =	 1981,
  volume =	 26,
  pages =	 {91--105}
}

@Misc{barth01beowulf,
  author =       {William Barth and Benjamin Kirk and Graham F. Carey
                  and Robert McLay},
  title =        {{Beowulf Clusters for Scientific Computing}},
  howpublished = {Computer Science Department, University of Western
                  Australia},
  month =        {May},
  year =         2001,
  address =      {Perth Australia},
  annote =       {Presente by WLB}
}

@Misc{barth01parallel,
  author =       {William Barth and Graham F. Carey and Robert McLay
                  and Benjamin Kirk and Jeremy Bailey},
  title =        {{Parallel Distributed Solution of Viscous Flow with
                  Heat Transfer on Workstation Clusters}},
  howpublished = {CHT'01 Poster Presentation},
  address =      {Cairns, Australia},
  month =        {May},
  year =         2001,
  annote =       {Presented by WLB}
}

@Misc{barth97hydra,
  author =       {William Barth and Graham F. Carey and Robert McLay},
  title =        {{HYDRA: A Prototype PC Cluster System for Flow and
                  Transport Simulation}},
  howpublished = {Poster Presentation},
  month =        {November},
  year =         1997,
  note =         {Center for Subsurface Modeling 7th Annual Industrial
                  Affiliates Meeting},
  annote =       {Presented by WLB}
}


@Misc{barth98beowulf,
  author =       {William Barth and Graham F. Carey Alexander Ardelea
                  and Mingjun Ma and Robert McLay and and Benjamin
                  Kirk},
  title =        {{Beowulf Systems for Flow and Transport Problems}},
  howpublished = {Poster Presentation, CSM Industrial Affiliates
                  Meeting, UT Austin},
  month =        {October},
  year =         1998,
  annote =       {Presented by WLB}
}




@Article{becerril,
  author =	 {R. Becerril and Stephen J. van Hook and J.~B. Swift},
  title =	 {{The influence of interface profile on the onset of
                  long-wavelength Marangoni convection}},
  journal =	 {Phys. of Fluids},
  year =	 1998,
  volume =	 10,
  number =	 {3230-3232}
}

@Misc{ben_Qreport,
  title =        {{Microgravity Fluid Physics}},
  author =       {C. Keyworth and Benjamin Kirk},
  howpublished = {\url{http://www.cfdlab.ae.utexas.edu/nasa_hpcc/microG_spring2000/}},
}

@Book{binder88,
  author =	 {K. Binder and D.~W. Heermann},
  title = 	 {Monte Carlo Simulation in Statistical Physics},
  publisher = 	 {Springer-Verlag},
  year = 	 1988
}

@Book{bird87,
  author =	 {R.~B. Bird and C.~F. Curtiss and R.~C. Armstrong and  O. Hassager },
  title = 	 {Dynamics of Polymeric Liquids},
  publisher = 	 {John Wiley},
  year = 	 1987,
  volume =	 {Vol 2: Kinetic Theory},
  edition =	 2
}

@Article{bramble,
  author =	 {J. Bramble and J. Pasciak and J. Wang and J. Xu},
  title =	 {{Convergence Estimates for multigrid algorithms
                  without regularity assumptions}},
  journal =	 { Math. Comp.},
  year =	 1991,
  volume =	 57,
  pages =	 {23--45}
}

@Article{burgess,
  author =	 {J.~M. Burgess and A. Juel and W.~D. McCormick and
                  J.~B. Swift and H.~L. Swinney},
  title =	 {{Suppression of dripping from a ceiling}},
  journal =	 {Phy. Rev. Let.},
  year =	 2000
}
@Article{caprihan90,
  author = 	 {A. Caprihan and E. Fukushima},
  title = 	 {Flow Measurements by NMR},
  journal = 	 {Physics Reports},
  year = 	 1990,
  volume =	 198,
  pages =	 195
}

@Misc{carey00distributed,
  author =       {Graham F. Carey and Robert McLay and William Barth
                  and Spencer Swift and Benjamin Kirk},
  title =        {{Distributed Parallel Simulation of Surface Tension
                  Driven Viscous Flow and Transport Processes}},
  howpublished = {Fourth UNAM-CRAY Supercomputing Conference},
  address =      {Mexico City, Mexico},
  month =        {June},
  year =         2000,
  annote =       {Presented by GFC}
}


@Misc{carey00mgflo,
  author =       {Graham F. Carey and Robert McLay and William Barth
                  and Benjamin Kirk and Spencer Swift},
  title =        {{MGFLO: Viscous Flow, Heat, Species, and Porous
                  Media Transport in Parallel}},
  howpublished = {Poster Presentation, Industrial Affiliates
                  Meeting, University of Texas at Austin},
  month =        {Octboer},
  year =         2000
}
@Misc{carey00parallel,
  author =       {Graham F. Carey and Robert McLay and Spencer Swift
                  and William Barth and Benjamin Kirk and Harry
                  Swinney},
  title =        {{Parallel Solution of Coupled Viscous Flow and
                  Transport Driven by Surface Tension}},
  howpublished = {Finite Elements in Flow Problems 2000, Thompson
                  Conference Center, The University of Texas at
                  Austin},
  month =        {April},
  year =         2000,
  annote =       {Presented by GFC}
}

@Misc{carey01parallel,
  author =       {Graham F. Carey and Robert McLay and William Barth
                  and Benjamin Kirk and Spencer Swift},
  title =        {{Parallel Solution of Coupled Viscous Flow and
                  Transport on Parallel Supercomputers and PC
                  Clusters}},
  howpublished = {2nd Brazilian Congress on Computational Mechanics},
  address =      {UNICAMP-CAMPINAS, SP, BRAZIL},
  month =        {November},
  year =         2001,
  note =         {Keynote Lecture by Graham F. Carey}
}

@Misc{carey01recent,
  author =       {Graham F. Carey and William Barth and Sum Chow and
                  Benjamin Kirk and Robert McLay and Juilette Woods},
  title =        {{Recent Research on Finite Element Methodology,
                  Algorithms and Applications}},
  howpublished = {Industrial Affiliates Meeting, The University of
                  Texas at Austin},
  month =        {October},
  year =         2001,
  annote =       {Presented by GFC}
}
@Misc{carey02advances,
  author =       {Graham F. Carey and William Barth and Benjamin Kirk
                  and Juliette Woods and Saeed Iqbal},
  title =        {{Advances and Challenges in Finite Element Methods
                  and Algorithms for High Performance Computation}},
  howpublished = { 14th Symposium on Computer Architecture and
                  High-Performance Computing (SBAC-PAD 2002)},
  address =      {Vitoria, Brazil},
  month =        {October},
  year =         2002,
  annote =       {Presented by GFC}
}
@Misc{carey03simulation,
  author =       {Graham F. Carey and William Barth and Sum Chow and
                  Benjamin Kirk and Juliette Woods and Michael
                  Anderson},
  title =        {{Simulation of Coupled Flow and Transport}},
  howpublished = {Finte Elemnts in Flow Problems '03},
  address =      {Nagoya City, Japan},
  month =        {April},
  year =         2003,
  note =         {Invited Talk}, 
  annote =       {Presented by GFC}
}

@Article{carey1995,
  author = 	 {Graham F. Carey and Y. Shen},
  title = 	 {Simulation of fluid mixing using least-squares finite elements \& particle tracing },
  journal = 	 {Int. J. Num. Meth. Heat and Fluid Flow},
  year = 	 1995,
  volume =	 5,
  pages =	 {549-573}
}

@InProceedings{carey98parallel_cas,
  author =       {Graham F. Carey and Robert McLay and Gurcan Bickan
                  and William Barth and Atanas Pehlivanov},
  title =        {{Parallel Finite Element Solution of 3D
                  Rayleigh-Benard-Marangoni Flows}},
  booktitle =    {Proceedings CAS'98},
  year =         1998,
  address =      {NASA Ames, Moffet Field, CA},
  month =        {August}
}

@Misc{carey98parallel_dmy,
  author =       {Graham F. Carey and Robert McLay and Gurcan Bicken
                  and William Barth and Spencer Swift},
  title =        {{Parallel Iterative Solution of Flow and Transport}},
  howpublished = {IMACS Int'l Symposium on Iterative Methods in
                  Scientific Computation (DMY B'day conference), The
                  University of Texas at Austin,},
  address =      {},
  month =        {October},
  year =         1998,
  annote =       {Presented by GFC}
}
@Misc{carey99parallel_hpc,
  author =       {Graham F. Carey and Robert McLay and Gurcan Bicken
                  and Spencer Swift and William Barth and Atanas
                  Pehlivanov and Alexander Ardelea},
  title =        {{Parallel Distributed Solution of Viscous Flow with 
Heat and Species Transfe}},
  howpublished = {HPC'99},
  address =      {San Diego, CA},
  month =        {April},
  year =         1999,
  annote =       {Presented by GFC}
}
@Misc{carey99parallel_siam,
  author =       {Graham F. Carey and Robert McLay and William Barth
                  and Gurcan Bicken and Spencer Swift },
  title =        {{Parallel Iterative Solution of Coupled Transport
                  Problems on Supercomputers and PC Clusters}},
  howpublished = {Fifth SIAM Conference on Mathematical and
                  Computational Issues in the GeoSciences},
  address =      {San Antonio, TX},
  month =        {March},
  year =         1999,
  annote =       {Presented by GFC}
}
@Misc{carey99parallel_usnccm,
  author =       {Graham F. Carey and Robert McLay and Spencer Swift
                  and William Barth},
  title =        {{Parallel Finite Element Solution of Marangoni Flow
                  and Species Transport}},
  howpublished = {Fifth USNCCM},
  address =      {Boulder, CO},
  month =        {August},
  year =         1999,
  annote =       {Presented by GFC}
}
@InProceedings{carey99parallela,
  author =       {Graham F. Carey and Robert McLay and Gurcan Bickan
                  and Spencer Swift and William Barth and Atanas
                  Pehlivanov and Alexander Ardelea},
  title =        {{Parallel Distributed Solution of Viscous Flow with
                  Heat and Species Transfer}},
  booktitle =    {Proceedings of HPC'99},
  year =         1999,
  address =      {San Diego, CA},
  month =        {April}
}

@Misc{cfdlab_beowulf,
  key =          {CFDLab Website},
  title =	 {CFDLab, The University of Texas at Austin},
  howpublished = {\url{http://www.cfdlab.ae.utexas.edu/intel_beowulf/}},
}

@InProceedings{chaco1,
  author = 	 {Robert Leland and Bruce Hendrickson},
  title = 	 {{An Empirical Study of Static Load Balancing Algorithms}},
  booktitle = 	 {Proceedings of SHPCC},
  year =	 1994
}

@Article{chen,
  author =	 {D.~P. Chen and R.~S. Eisenberg and J.~W. Jerome and
                  Chi-Wang Shu},
  title =	 {{Hydrodynamic model of temperature change in open
                  ionic channels}},
  journal =	 {Biophysical Journal},
  year =	 1995,
  volume =	 69,
  number =	 6,
  pages =	 {2304--2322}
}

@Article{chen97,
  author =	 {J. Chen and K.~J. Stebe},
  title =	 {{Surfactant-induced retardation of thermocapillary
                  migration: The role of surfactant physical
                  chemistry}},
  journal =	 {Journal of Fluid Mechanics},
  year =	 1997,
  volume =	 340,
  pages =	 {35--59}
}


@TechReport{chow,
  author = 	 {S. Chow and G. Carey},
  title = 	 {Finite Element Approximations of Generalized Newtonian Fluids},
  institution =  {TICAM, The University of Texas at Austin},
  year = 	 2001
}

@Article{clifton88,
  author = 	 {R.~J. Clifton and  J.~J. Wang},
  title = 	 {Multiple Fluids, Proppant Transport and Thermal Effects in 3D Hydraulic Fracturing},
  journal = 	 {SPE 18198},
  year = 	 1988
}


@Misc{cplant,
  title =	 {CPlant},
  howpublished = {\url{http://www.cs.sandia.gov/cplant}},
  year =	 2002
}


@Book{crochet84,
  author =	 {M.~J. Crochet and A.~R. Davies and K. Walters},
  title = 	 {Numerical Simulation of Non-Newtonian Fluid Flow},
  publisher = 	 {Elsevier},
  year = 	 1984,
  volume =	 1
}

@Misc{cubit,
  key =          {cubit},
  title =	 {CUBIT Mesh Generation Toolkit},
  howpublished = {\url{http://endo.sandia.gov/SEACAS/CUBIT/Cubit.html}}
}


@Article{davis85,
  author =       {R.~H. Davis and A. Acrivos},
  title =        {{Sedimentation of Non-colloidal Particles at Low
                  Reynolds Number}},
  journal =      {Ann. Rev. Fluid Mech.},
  year =         1985,
  volume =       17,
  pages =        91
}



@Misc{distributednet,
  key =		 {distributednet},
  title =	 {Distributed.net},
  howpublished = {\url{http://www.distributed.net}},
  year =	 2002
}



@Article{doi81,
  author =       {M. Doi},
  title =        {Molecular Dynamics and Rheological Properties of
                  Concentrated Solutions of Rodlike Polymers in
                  Isotropic and Liquid Crystalline Phase},
  journal =      {J. Poly. Sci., Poly, Phys. Ed.},
  year =         1981,
  volume =       19,
  pages =        229
}


@InProceedings{eel97,
  author =       {Scott Fish and Troy Savoie and William Barth},
  title =        {{Weapon Charging Effects of Land Vehicle Mobility
                  with Shared Prime Power}},
  booktitle =    {Proceeding of the 6th Symposium on European
                  Electromagnetic Launch},
  year =         1997,
  address =      {The Hague},
  month =        {May}
}


@InProceedings{er,
  author =	 {Graham F. Carey and Robert McLay and K.~C. Wang},
  title =	 {{ER Fluid Modeling}},
  booktitle =	 {Proceedings of 2nd International Conference on
                  Electrorheological Fluids},
  pages =	 { 41--52},
  year =	 1989,
  address =	 { Raleigh, N.C},
  month =	 {August}
}



@Article{eyring36viscosity,
  author =       {Henry Eyring},
  title =        {{Viscosity, Plasticity, and Diffusion as Examples of
                  Absolute Reaction Rates}},
  journal =      {Journal of Chemical Physics},
  year =         1936,
  volume =       4,
  month =        {April}
}



@Article{flux1,
  author =	 {Graham F. Carey and D. Humphrey and M.~F. Wheeler},
  title =	 {{Galerkin and Collocation-Galerkin Methods with
                  Superconvergence and Optimal Fluxes}},
  journal =	 {International Journal of Numerical Methods in
                  Engineering},
  year =	 1981,
  number =	 17,
  pages =	 {939--950}
}


@Article{flux2,
  author =	 {Graham F. Carey and R. MacKinnon },
  title =	 {{Analysis of Material Interface Discontinuities and
                  Superconvergent Fluxes in Finite Difference Theory}},
  journal =	 {J. of Comp. Phys.},
  year =	 1988,
  volume =	 75,
  number =	 1,
  pages =	 {151--167}
}

@Article{flux3,
  author =	 {A. Pehlivanov and R. Lazarov and Graham F. Carey and
                  S. Chow},
  title =	 {{Superconvergence Analysis of Approximate
                  Boundary-Flux Calculations}},
  journal =	 { Numerische Mathematik},
  year =	 1992,
  volume =	 63,
  pages =	 {483--501}
}

@PhdThesis{gadala-maria79,
  author = 	 {F.~A. Gadala-Maria},
  title = 	 {The Rheology of Concentrated Suspensions},
  school = 	 {Stanford Univ},
  year = 	 1979
}

@Article{gdvdavis83,
  author = 	 {Graham de~Vahl~Davis},
  title = 	 {{Natural Convection of Air in a Square Cavity: A Bench Mark Numerical Solution}},
  journal = 	 {IJNMF},
  year = 	 1983,
  volume =	 3,
  pages =	 {249-264}
}



@Article{gdvdavis83exercise,
  author =       {Graham de~Vahl~Davis and I. P. Jones},
  title =        {Natural Convection in a Square Cavity: A Comparison Exercise},
  journal =      {IJNMF},
  year =         1983,
  volume =       3,
  pages =        {227-248}
}

@Misc{goddard_beowulf,
  title =	 {Beowulf Project at CESDIS},
  howpublished = {\url{http://www.beowulf.org/gsfc-hw.html}},
  year =	 2002
}


@InBook{gresho-80,
  author =	 {P.~M. Gresho and R.~L. Lee and R.~L. Sani},
  title =	 {{On the Time Dependent Solution. of Incompressible
                  Navier Stokes Equations in Two and Three
                  Dimensions}},
  chapter =	 2,
  publisher =	 {Pineridge Press},
  year =	 1980,
  volume =	 {Recent Advances in Numerical Methods in Fluids},
  address =	 {Swansea, U.~K.},
  pages =	 {27--81}
}

@Book{greshobook,
  author =	 {P.~M. Gresho and R.~L. Sani},
  title = 	 {{Incompressible Flow and the Finite Element Method}},
  publisher = 	 {Wiley Interscience},
  year = 	 {1998}
}

@Book{gridbook,
  author =	 {Graham F. Carey},
  title = 	 {{Computational Grids: Generation, Adaptation, and Solution Strategies}},
  publisher = 	 {Taylor and Francis},
  year = 	 {1997}
}

@InProceedings{hpc00,
  author =	 {William Barth and Graham F. Carey and Benjamin Kirk and Robert McLay},
  title =	 {{Parallel Distributed Solution Of Viscous Flow With
                  Heat Transfer On Workstation Clusters}},
  booktitle =	 {High Performance Computing '00 Proceedings},
  year =	 2000,
  address =	 {Washington, DC},
  month =	 {April}
}

@InProceedings{hpc98viz,
  author =	 {Graham F. Carey and A.~I. Pehlivanov and R.~C. Mastroleo
                  and Robert McLay and Y. Shen and V. Carey and R. Dutton},
  title =	 {{Hierarchic Visualization and Parallel Computation}},
  booktitle =	 {High Performance Computing `98 Proceedings},
  year =	 1998,
  address =	 {Boston, MA},
  month =	 {April}
}

@Article{hu96,
  author = 	 {Graham F. Carey and D.~Hu and Robert McLay},
  title = 	 {Finite Element Analysis of Anisotropic Fluid Suspensions},
  journal = 	 {IJNMF},
  year = 	 1996,
  volume =	 22,
  pages =	 {11-27}
}
@TechReport{iat96a,
  author = 	 {Scott Fish and William Barth and Eric Redding},
  title = 	 {{Upgrade of M1A2 with ETC Main Armament: Weapon Charging Impact Assessment.}},
  institution =  {The Institute for Advanced Technology},
  year = 	 1996,
  number =	 {IAT.R 0117},
  month =	 {October}
}

@TechReport{iat96b,
  author = 	 {Scott Fish and William Barth},
  title = 	 {{Development of Mission Profiles for Vehicle Power System Evaluation from Force-on-Force Simulations.}},
  institution =  {The Institute for Advanced Technology},
  year = 	 1996,
  number =	 {IAT.TN 0096},
  month =	 {October}
}

@TechReport{iat97,
  author = 	 {Scott Fish and Troy Savoie and William Barth},
  title = 	 {{Parametric Power System Performance Predictions for an Initial EM FCS Concept Study.}},
  institution =  {The Institute for Advanced Technology},
  year = 	 1997,
  number =	 {IAT.R 0145},
  month =	 {July}
}


@Article{ijnmf98,
  author =	 {Graham F. Carey and Robert McLay and Gurcan Bicken and William Barth},
  title =	 {{Parallel Finite Element Solution of 3D
                  Rayleigh-Benard-Marangoni Flows}},
  journal =	 {IJNMF},
  year =	 {1999},
  volume =	 {31},
  pages =	 {37--52},
}
@Article{isv,
  author =	 {Graham F. Carey and Robert McLay and R. MacKinnon},
  title =	 {{Finite Element Modelling of In Situ Vitrification}},
  journal =	 {In Situ Journal},
  year =	 1993,
  volume =	 17,
  number =	 2
}
@Article{jeffrey76,
  author = 	 {D.~J. Jeffrey and A. Acrivos},
  title = 	 {The Rheological Properties of Suspensions 
of Rigid Particles},
  journal = 	 {AIChE Journal},
  year = 	 1976,
  volume =	 22,
  pages =	 417
}

@Article{jz,
  author =	 {J. Zhang},
  title =	 {{A multilevel dual re-ordering strategy for robust
                  incomplete LU factorization of indefinite matrices}},
  journal =	 {SIAM J. Matrix Anal.},
  year =	 {2001 (to appear)}
}

%originally from citeseer
@Article{kamo,
  author =	 {Y. Kamotani and S. Ostrach and A. Pline},
  title =	 {{A Thermocapillary Convection Experiment in Microgravity}},
  journal =	 {it Journal of Heat Transfer},
  year =	 {1995},
  volume =	 {117},
  pages =	 {611--617},
}

@Book{kim91,
  author =	 {S. Kim and  S.~J. Karrila},
  title = 	 {Microhydrodynamics: Principles and Selected Application},
  publisher = 	 {Butterworth--Heinemann},
  year = 	 1991
}

@Book{kos1,
  author =	 {E.~L. Koschmieder},
  title =	 {{B\'{e}nard Cells and Taylor Vortices}},
  publisher =	 {Cambridge University Press, New York},
  year =	 {1993},
}

@Article{leong1998,
  author = 	 {W.~H. Leong and K.~G.~T. Hollands and A.~P. Brunger},
  title = 	 {{On a physically-realizable benchmark problem in internal natural convection}},
  journal = 	 {Int.~J. Heat Mass Transfer},
  year = 	 1998,
  volume =	 41,
  number =       23,
  pages =	 {3817-3828}
}

@Article{leong1999,
  author = 	 {W.~H. Leong and K.~G.~T. Hollands and A.~P. Brunger},
  title = 	 {{Experimental Nusselt numbers for a cubical-cavity benchmark problem in natural convection}},
  journal = 	 {Int.~J. Heat Mass Transfer},
  year = 	 1999,
  volume =	 42,
  number =       11,
  pages =	 {1979-1989}
}

@Article{leslie64,
  author = 	 {F.~M. Leslie},
  title = 	 {Hamel Flow of Certain Anisotropic Fluids},
  journal = 	 {J Fluid Mech.},
  year = 	 1964,
  volume =	 18,
  pages =	 595
}

@Book{leslie79,
  author =	 {F.~M. Leslie},
  title = 	 {Advances of Liquid Crystals},
  publisher = 	 {Academic Pres},
  year = 	 1979,
  volume =	 4
}

@Misc{linux_web,
  title =	 {The Linux Kernel Archives},
  howpublished = {\url{http://www.kernel.org}},
  year =	 2002
}

@Article{lohner,
  author =	 {R. L\"ohner and K. Morgan and O.~C. Zienkiewicz},
  title =	 {{An Adaptive Finite Element Procedure for
                  Compressible High-Speed Flows}},
  journal =	 {CMAME},
  year =	 {1985b},
  volume =	 51,
  number =	 {1/3},
  pages =	 {441--465}
}

@InProceedings{loki,
  author = 	 {M. S. Warren and D. J. Becker and M. P. Goda and J. K. Salmon and T. Sterling},
  title = 	 {Parallel supercomputing with commodity components},
  booktitle = 	 { Proceedings of the International Conference on Parallel and Distributed
     Processing Techniques and Applications},
  pages =	 {1372--1381},
  year =	 1997,
  editor =	 {H. R. Arabnia}
}

@Article{matvec,
  author = 	 {Robert McLay and Spencer Swift and Graham F. Carey},
  title = 	 {{Maximizing Sparse Matrix-Vector Product Performance on RISC
                   based MIMD Computers}}, 
  journal = 	 {JPDC},
  year = 	 1996,
  volume =	 37,
  number =	 2,
  month =	 {September}
}

@Misc{mclay02coupling,
  author =       {Rober McLay and William Barth and Graham F. Carey},
  title =        {{Physics Coupling Issues and a New Treatment using
                  Dial-an-Operator}},
  howpublished = {DoD Users Group Conference},
  address =      {Austin, TX},
  month =        {June},
  year =         2002,
  annote =       {Presented by RTM}
}

@Book{mcquarrie76,
  author =	 {D.~A. McQuarrie},
  title = 	 {Statistical Mechanics},
  publisher = 	 {Harper \& Row},
  year = 	 1976
}

@Misc{mpich,
  title =	 {MPICH-A Portable Implementation of MPI},
  howpublished = {\url{http://www-unix.mcs.anl.gov/mpi/mpich/}},
  year =	 2002
}

@Article{multigrid1,
  author = 	 {D. Braessand and P. Deuflhard and K. Lipnikov},
  title = 	 {{A subspace cascadic multigrid method for mortar elements}},
  journal = 	 {submitted to Numer. Math.},
  year = 	 1999
}

@Article{multigrid3,
  author = 	 {D. Braess and W. Dahmen},
  title = 	 {{A cascadic multigrid algorithm for the Stokes problem}},
  journal = 	 {Numer. Math.},
  year = 	 1999,
  volume =	 82,
  pages =	 {179--191}
}

@misc{nfs86,
  author = "R. Sandberg",
  title = "The Sun Network Filesystem: Design, Implementation, and Experience",
  text = "R. Sandberg, The Sun Network Filesystem: Design, Implementation, and Experience,
    in Proceedings of the Summer 1986 USENIX Technical Conference and Exhibition",
  year = 1986,
  url = "citeseer.nj.nec.com/409472.html"
}



@InProceedings{nfs86a,
  author = 	 {R. Sandberg},
  title = 	 {The Sun Network Filesystem: Design, Implementation, and Experience},
  booktitle = 	 {Proceedings of the Summer 1986 USENIX Technical Conference and Exhibition},
  year =	 1986,
  note ={\url{http://citeseer.nj.nec.com/409472.html}}
}



@Article{oden,
  author =       {J.~Tinsley Oden and Leszek F. Demkowicz and
                  W. Rachowicz and T.~A. Westerman},
  title =        {{{\it A Posteriori} Error Analysis in Finite
                  Elements}},
  journal =      {CMAME},
  year =         1990,
  volume =       82,
  pages =        {183--203}
}

@Book{oden96applied,
  author =	 {J. Tinsley Oden and Leszek F. Demkowicz},
  title = 	 {Applied Functional Analysis},
  publisher = 	 {CRC Press},
  year = 	 1996,
  series =	 {CRC Series in Computational and Applied Mechanics}
}

@Article{pear,
  author =	 {J.~R. Pearson},
  title =	 {{On Convection Cells Induced by Surface Tension}},
  journal =	 {Journal of Fluid Mechanics},
  year =	 {1958},
  volume =	 {4},
  pages =	 {489--500}
}

@Misc{pvfs,
  title =	 {The Parallel Virtual File System},
  howpublished = {\url{http://parlweb.parl.clemson.edu/pvfs/}},
  year =	 2002
}


@Article{ree55theory1,
  author =       {Taikyue Ree and Henry Eyring},
  title =        {{Theory of Non-Newtonian Flow. I. Solid Plastic System}},
  journal =      {Journal of Applied Phyics},
  year =         1955,
  volume =       26,
  number =       7,
  month =        {July}
}


@Article{ree55theory2,
  author =       {Taikyue Ree and Henry Eyring},
  title =        {{Theory of Non-Newtonian Flow. II. Solution System of High Polymers}},
  journal =      {Journal of Applied Phyics},
  year =         1955,
  volume =       26,
  number =       7,
  month =        {July}
}

@Article{ree58relaxation,
  author =       {Francis H. Ree and Taikyue Ree and Henry Eyring},
  title =        {{Relaxation Theory of Transport Problems in
                  Condensed Systems}},
  journal =      {Industrial Engineering and Chemistry},
  year =         1958,
  volume =       50,
  number =       7,
  month =        {July}
}


@Misc{reno99,
  author =       {Graham F. Carey and Harry Swinney and Robert McLay and
                  Steven J. van Hook and A. Pehlivanov and Gurcan Bicken and
                  William Barth},
  title =        {{Thermocapillary Surface Tension Driven Flows}},
  howpublished = {37th Aerospace Sciences Meeting, American Institute
                  of Aeronautics and Astronautics},
  month =        {January},
  year =         1999,
  address =      {Reno, NV},
  annote =       {Presented by GFC}
}

@Book{russel89,
  author =	 {W.~B. Russel and D.~A. Saville and W.~R. Schowalter},
  title = 	 {Colloidal Dispersions},
  publisher = 	 {Cambridge Univ. Press},
  year = 	 1989
}

@Article{saad,
  author =	 {Y. Saad},
  title =	 {{ILUT: A dual threshold incomplete LU preconditioner}},
  journal =	 { Numer. Linear Alg. Appl.},
  year =	 1994,
  volume =	 1,
  number =	 4,
  pages =	 {387--402}
}


@Article{schatz97,
  author =	 {M.~F. Schatz and S.~J. Van Hook and W.~D. McCormick and
                  J.~B. Swift and H.~L. Swinney},
  title =	 {{Long-wavelength surface-tension-driven B\'{e}nard
                  convection: experiment and theory}},
  journal =	 {J. Fluid Mech.},
  year =	 1997,
  volume =	 345,
  pages =	 {45--78}
}

@Misc{seti,
  key =		 {seti},
  title =	 {SETI@Home: The Search for Extraterrestrial Intelligence},
  howpublished = {\url{http://setiathome.ssl.berkeley.edu}},
  year =	 2002
}

@Article{shah82,
  author = 	 {S.~N. Shah},
  title = 	 {Proppant Settling Corrections for Non-Newtonian Fluids 
under Static and Dynamic Conditions},
  journal = 	 {SPE Journal},
  year = 	 1982,
  pages =	 {164-170}
}

@InProceedings{species,
  author =	 {Spencer Swift and  Robert McLay and Graham F. Carey},
  title =	 {{Simulation  Of Viscous Flow with Reactive  Species Transport
                  on Large Scale Parallel Supercomputers}},
  booktitle =	 {High Performance Computing '00 Proceedings},
  year =	 2000,
  address =	 {Washington, DC},
  month =	 {April}
}

@Misc{ticam,
  title =	 {Longhorn},
  howpublished = {\url{http://www.ticam.utexas.edu/CSM/web/longhorn.html}},
  year =	 2002
}

@InProceedings{unam00,
  author =       {Graham F. Carey and Robert McLay and William Barth
                  and Spencer Swift and Benjamin Kirk},
  title =        {Distributed Parallel Simulation of Surface Tension
                  Driven Viscous Flow and Transport Processes},
  booktitle =    {Computational Fluid Dynamics: Proceedings of the
                  Fourth UNAM Supercomputing Conference},
  pages =        {143--155},
  year =         2000,
  month =        {June},
  organization = {UNAM}
}

@Article{vhook97,
  author =	 {S.~J. Van Hook and J.~B. Swift},
  title =	 {{Comment II on "Instability threshold in the
                  B\'{e}nard-Marangoni problem"}},
  journal =	 {Phys. Rev. E},
  year =	 1997,
  volume =	 56,
  pages =	 {4897--4899}
}

@Book{wahlbin,
  author =	 {L.~B. Wahlbin},
  title = 	 {{Superconvergence in Galerkin Finite Element Methods}},
  publisher = 	 {Springer},
  year = 	 1995,
  series =	 1605
}

@Article{wang93,
  author = 	 {K.~C. Wang and Graham F. Carey},
  title = 	 {Least Squares Finite Element Methods for 
Viscoelastic Fluids},
  journal = 	 {IJNMF},
  year = 	 1993,
  volume=        17,
  pages=         {943-953}
}

@Article{weld,
  author =	 {Robert McLay and Graham F. Carey},
  title =	 {{Coupled Heat Transfer and Viscous Flow and Magnetic
                  Effects in Weld Pool Analysis}},
  journal =	 {IJNMF},
  year =	 1989,
  volume =	 { 9},
  pages =	 {713--730}
}

@InProceedings{world_scientific,
  author = 	 {Graham F. Carey and R.~McLay and W.~Barth and S.~Swift and B.~Kirk},
  title = 	 {Distributed Parallel Simulation of Surface Tension Driven Viscous Flow and Transport Processes},
  booktitle = 	 {Computational Fluid Dynamics: Proceeding of the Fourth UNAM Supercomputing Conference},
  pages =	 {143-155},
  year =	 2000,
  editor =	 {E.~Ramos and G.~Cisneros and R.~Fern\'andez-Flores and A.~Santilli\'an-Gonz\'alez},
  address =	 {Mexico City, Mexico},
  month =	 {June},
  organization = {UNAM},
  publisher =	 {World Scientific}
}

@Article{zoltan2,
  author = 	 {Bruce Hendrickson and Karen Devine},
  title = 	 {{Dynamic Load Balancing in Computational Mechanics}},
  journal = 	 {Comput. Methods Appl. Mech. Engrg},
  year = 	 2000,
  volume =	 184,
  pages =	 {485--500}
}

@Article{cramer68numerical,
  author =       {S. D. Cramer and J. M. Marchello},
  title =        {{Numerical Evaluation of Models Describing Non-Newtonian Behavior}},
  journal =      {AIChE Journal},
  year =         1968,
  volume =       14,
  number =       6,
  pages =        {980--983},
  month =        {November}
}

@Misc{barth03message,
  author =       {William Barth and Benjamin Kirk},
  title =        {Message Passing for Parallel Computing via MPI},
  howpublished = {Shortcourse on Cluster Computing and Adaptive Finite Element Methods, The University of Western Australia, Perth, Australia},
  month =        {June},
  year =         2003,
  annote =       {Presented by WLB}
}

@Misc{barth03cluster,
  author =       {William Barth and Benjamin Kirk},
  title =        {{PC} Cluster Construction: Lessons Learned and Friendly Advice},
  howpublished = {Shortcourse on Cluster Computing and Adaptive Finite Element Methods, The University of Western Australia, Perth, Australia},
  month =        {June},
  year =         2003,
  annote =       {Presented by WLB}
}

@Misc{barth03finite,
  author =       {William Barth and Graham F. Carey and Sum Chow},
  title =        {Finite Element Simulation of a Class of Non-Newtonian Fluids},
  howpublished = {Presented at ICIAM '03, Sydney, Australia},
  month =        {July},
  year =         2003
}

@Article{carey03modeling,
  author =       {Graham F. Carey and William Barth and Juliette Woods and Bejamin Kirk and Michael Anderson and Sum Chow and Wolfgang Bangerth},
  title =        {Modeling Error and Constitutive Relations in Simulation of Flow and Transport},
  journal =      {IJNMF},
  year =         2003,
  note =         {Submitted}
}

